@inproceedings{artigo_pesquisa_acao,
 author = {Petersen, Kai and Gencel, Cigdem and Asghari, Negin and Baca, Dejan and Betz, Stefanie},
 title = {Action Research As a Model for Industry-academia Collaboration in the Software Engineering Context},
 booktitle = {Proceedings of the 2014 International Workshop on Long-term Industrial Collaboration on Software Engineering},
 series = {WISE '14},
 year = {2014},
 isbn = {978-1-4503-3045-9},
 location = {Vasteras, Sweden},
 pages = {55--62},
 numpages = {8},
 url = {http://doi.acm.org/10.1145/2647648.2647656},
 doi = {10.1145/2647648.2647656},
 acmid = {2647656},
 publisher = {ACM},
 address = {New York, NY, USA},
 keywords = {action research, industry-academia collaboration, software engineering},
}
@article{revisao_de_literatura,
 author = {António Bento},
 journal = {Revista JA (Associação Acadêmica da Universidade da Madeira)},
 title = {Como fazer uma revisão da literatura: Considerações teóricas e práticas},
 series = {65},
 year = {2012},
 issn = {1647-8975},
 pages = {42--44},
 volume = {65}
}
@book{livro_sistematizacao_conhecimento,
 author = {Cardoso, Teresa and Alarcao, Isabel and Celorico, Jacinto Antunes},
 title = {Revisão da Literatura e Sistematização do Conhecimento},
 isbn = {978-972-0-34573-8},
 publisher = {Porto Editora},
 year = {2010}
}
